@string{UNKNOWN = "UNKNOWN"}

%[IMPORTED STRING DEFINITIONS]

%[JOURNALS]

@string{aij = "Artificial Intelligence"}

@string{aimag = "AI~Magazine"}

@string{bij = "Bioinformatics"}

@string{dke = "Data and Knowledge Engineering"}

@string{dmkd = "Data Mining and Knowledge Discovery"}

@string{ida = "Intelligent Data Analysis"}

@string{kde = "IEEE Transactions on Knowledge and Data Engineering"}

@string{ml = "Machine Learning"}

@string{pami = "IEEE Transactions on Pattern Analysis and Machine Intelligence (PAMI)"}

@string{sigkdd = "SIGKDD Explorations"}

%[PUBLISHERS]

@string{kluwer = "Kluwer Academic Publishers"}

@string{kluwer-ad = "Dordrecht, The Netherlands"}

@string{SV = "Springer-Verlag"}

%[ORGANIZATIONS]

@string{aaai = "American Association for Artificial Intelligence"}

@string{aaai-ad = "Menlo Park"}

@string{aamas04 = "3rd International Joint Conference on Autonomous Agents
          and Multiagent Systems"}

@string{aamas04Ed = "Sierra, C. and Sonenberg, L."}

@string{aamas04Addr = "New York, NY, USA"}

@string{acl = "Association for Computational Linguistics"}

@string{acm = "Association for Computing Machinery"}

@string{acm-ad = "New York"}

%[SCHOOLS]

@string{cmucs = "Computer Science Department, Carnegie-Mellon University"}

@string{cmucs-ad = "Pittsburgh, Pennsylvania"}

@string{upenn = "University of Pennsylvania"}

%[CONFERENCES]

@string{kdd02 = "Proceedings of the Conference on Knowledge and Data Discovery
                 (KDD-2002)"}

@string{kdmm98 = "Proceedings of the 4th International Conference on Knowledge Discovery and Data Mining"}

@string{kdmm98addr = "New York"}

@string{uai00 = "Proceedings of the 16th Annual Conference on Uncertainty in Artificial Intelligence"}

%[REFERENCES] %%%%%%%%%%%%%%%%%%%%%%%%%%%%%%%%%%%%%%%%%%%%%%%%%%

@inproceedings{Zhou04,
    author = {Zhou,, Chen and Chia,, Liang-Tien and Lee,, Bu-Sung},
    title = {DAML-QoS Ontology for Web Services},
    booktitle = {ICWS '04: Proceedings of the IEEE International Conference on Web Services},
    year = {2004},
    isbn = {0-7695-2167-3},
    pages = {472},
    doi = {http://dx.doi.org/10.1109/ICWS.2004.44},
    publisher = {IEEE Computer Society},
    address = {Washington, DC, USA},
}

@BOOK{strunk,
   author = "Strunk, Jr., William and E. B. White",
   title = "The Elements of Style",
   publisher = "Macmillan",
   edition = "Third",
   year = 1979
   }
   
@inproceedings{Antoniou00,
  author    = {Grigoris Antoniou and
               David Billington and
               Guido Governatori and
               Michael J. Maher and
               Andrew Rock},
  title     = {A Family of Defeasible Reasoning Logics and its Implementation.},
  booktitle = {The 14th European Conference on Artificial Intelligence},
  year      = {2000},
  pages     = {459-463},
}


@article{Antoniou04,
  year      = {2004},
  pages     = {463-472},
}

@inproceedings{AntoniouSBB05,
  author    = {Grigoris Antoniou and
               Thomas Skylogiannis and
               Antonis Bikakis and
               Nick Bassiliades},
  title     = {DR-BROKERING - A Defeasible Logic-Based System for Semantic Brokering},
  booktitle = {2005 IEEE International Conference on e-Technology, e-Commerce,
               and e-Services (EEE 2005), 29 March - 1 April 2005, Hong
               Kong, China},
  year      = {2005},
  pages     = {414-417},
}

@article{AntoniouSBDB07,
  author    = {Grigoris Antoniou and
               Thomas Skylogiannis and
               Antonis Bikakis and
               Martin Doerr and
               Nick Bassiliades},
  title     = {DR-BROKERING: A semantic brokering system.},
  journal   = {Knowledge-Based Systems},
  volume    = {20},
  number    = {1},
  year      = {2007},
  pages     = {61-72},
  ee        = {http://dx.doi.org/10.1016/j.knosys.2006.07.006},
  bibsource = {DBLP, http://dblp.uni-trier.de}
}


@InProceedings{Bellucci03,
  author    = {Emilia Bellucci and John Zeleznikow},
  title     = {THE CONFLICT BETWEEN NEGOTIATION AND LITIGATION WHEN BUILDING MEDIATION DECISION SUPPORT SYSTEMS},
  booktitle = {ICAIL 2003 ODRWorkshop},
  year 	    = {2003},
  pages     = {51--60},
  address   = {Edinburgh, Scotland, UK},
}


@inproceedings{BellucciLZ04,
  author    = {Emilia Bellucci and Arno Lodder and John Zeleznikow},
  title     = {Integrating Artificial Intelligence, Argumentation and Game
               Theory to Develop an Online Dispute Resolution Environment.},
  booktitle = {16th International Conference on Tools with Artificial Intelligence},
  publisher    = ieeecs,
  year      = {2004},
  pages     = {749-754},
}

@Article{Bellucci06,
 author =  {Emilia Bellucci and John Zeleznikow},
 title 	=  {Developing negotiation decision support systems that support mediators: A case study of the Family Winner system},
 journal =   {Artificial Intelligence and Law},
 volume    = {13},
  number    = {2},
 year 	=    {2005},
 pages	= {233-271},
}


@InProceedings{Bodenstaff06,
  author = {Lianne Bodenstaff and Henry Prakken and Gerard Vreeswijk},
  title = {On Formalising Dialogue Systems for Argumentation in the Event Calculus},
  booktitle = {the Eleventh International Workshop on Non-Monotonic Reasoning},
  address = "",
  year = {2006},
}

@InProceedings{Boella04,
 author 	= {Guido Boella and Leendert van der Torre},
 title 		= {Contracts as Legal Institutions in Organizations of Autonomous Agents},
 booktitle 	= {Proceedings of the Third International Joint Conference on Autonomous Agents and Multi Agent Systems (AAMAS'04)},
 address	= {New York, US},
 year 		= {2004},
 pages 		= {948--955},
}


@InProceedings{Boella05iat,
  author = {Guido Boella and Joris Hulstijn and Leendert van der Torre},
  title = {A Synthesis Between Mental Attitudes and Social Commitments in Agent Communication Languages},
  booktitle = {Intelligent Agent Technology 05 (IAT 2005)},
  year = {2005},
  address = {Compiegne, France},
  pages = {358-364}
}

@Article{Bonnet04,
 author = {Vincent Bonnet and Karima Boudaoud and Michael Gagnebin and Jurgen Harms and Thomas Schultz},
 title = {Online Dispute Resolution Systems as Web Services},
 journal = {ICFAI Journal of Alternative Dispute Resolution},
 volume = {3},
 year = {2002},
 pages = {57--74},
}


@article{Cachoon00,
  author =  {Gerard Cachon and Martin Lariviere},
  title =   {Supply chain coordination with revenue sharing contracts: strengths and limitations},
  journal = {Management Science},
  volume  = {51},
  number = {1}, 
  year =    {2005},
  pages = {30-44}
}

@article{Calliess06,
  author    = {Gralf-Peter Calliess},
  title     = {Online Dispute Resolution: Consumer Redress in a Global Market Place.},
  journal   = {German Law Journal},
  volume    = {7},
  number    = {8},
  year      = {2006},
  pages     = {647-660},
}


@Incollection{Chaib-draa04,
author 		= {Philippe Pasquier and Roberto Flores and Brahim Chaib-draa},
  title     	= {Modelling Flexible Social Commitments and their Enforcement},
  booktitle 	= {Engineering Societies in the Agents World V},
  editor    	= {},
  publisher 	= {Springer Verlag},
  series    	= {Lecture Notes in Computer Science},
  volume    	= {3451},
  year      	= {2005},
  pages     	= {139-151},
  }


@InProceedings{Chopra03ac,
  author = {Amit K. Chopra and Munindar P. Singh},
  title = {Nonmonotonic Commitment Machines},
  booktitle = {Proceedings of the International Workshop on Agent Communication Languages and Conversation Policies},
  year = {July 2003},
  pages= "",
  address = {Melbourne, Australia},
}


@inproceedings{Chopra06aamas,
  author    = {Amit K. Chopra and
               Munindar P. Singh},
  title     = {Contextualizing commitment protocol},
  booktitle = {AAMAS},
  crossref  = {DBLP:conf/atal/2006},
  year      = {2006},
  pages     = {1345-1352},
 
}

@proceedings{DBLP:conf/atal/2006,
  editor    = {Hideyuki Nakashima and
               Michael P. Wellman and
               Gerhard Weiss and
               Peter Stone},
  title     = {5th International Joint Conference on Autonomous Agents and Multiagent Systems (AAMAS 2006)},
  booktitle = {AAMAS},
  publisher = {ACM},
  month     = {May},
  year      = {2006},
  isbn      = {1-59593-303-4},
  bibsource = {DBLP, http://dblp.uni-trier.de}
}

@misc{owasp, 
 title = {{OWASP Top 10 Application Security Risks - 2017}},
 howpublished = "\url{https://www.owasp.org/index.php/Top_10-2017_Top_10}",
 note = {{Last accessed: September 30st, 2018}}
 }
\begin{flushright}
@misc{classification_and_countermeasures, 
	title = {{A Classification of SQL Injection Attacks
	and Countermeasures}},
	author={William G.J. Halfond, Jeremy Viegas, and Alessandro Orso},
	year={2006},
	note = {{College of Computing
	Georgia Institute of Technology, Proceedings of the IEEE International Symposium on Secure
	Software Engineering}}
}
\end{flushright}

@misc{top_8, 
	title = {{
	Top 8 Benefits of a Reverse Proxy}},
	author={John Carl Villanueva},
	month={Aug},
	year={2012},
 howpublished = "\url{https://www.jscape.com/blog/bid/87841/Top-8-Benefits-of-a-Reverse-Proxy}",

}

@misc{tor_trouble, 
	title = {{
	The Trouble with Tor}},
	author={Matthew Prince},
	month={Mar},
	year={2016},
	howpublished = "\url{https://blog.cloudflare.com/the-trouble-with-tor/}",
	
}
@misc{ips, 
	title = {{
	Intrusion prevention systems}},
	author={Richard Bassett and Cesar Urrutia and Nick Ierace},
	month={June},
	year={2005},
	note = {{ACM New York, NY, USA }},
	howpublished = "\url{https://dl.acm.org/citation.cfm?id=1071927}",
	
}
@misc{what_is_ips, 
	title = {{
	What is an intrusion prevention system?}},
	howpublished = "\url{https://www.paloaltonetworks.com/cyberpedia/what-is-an-intrusion-prevention-system-ips}",
	
}
@misc{ips_ids, 
	title = {{
	Information Security}},
	author = {Joel Snyder},
	howpublished = "\url{https://searchsecurity.techtarget.com/Do-you-need-an-IDS-or-IPS-or-both}",
	
}
@misc{net_an, 
	title = {{
	Network management and monitoring: The evolution of network control}},
	author = {Margaret Rouse
	},
	howpublished = "\url{https://searchnetworking.techtarget.com/definition/network-analyzer}",
	
}
@misc{ips_types, 
	title = {{
	Intrusion Prevention System (IPS): Definition \& Types}},
	author = {Beth Hendricks
	},
	howpublished = "\url{https://study.com/academy/lesson/intrusion-prevention-system-ips-definition-types.html}",
	
}
@misc{impl, 
	title = {Implementing Cisco IOS Network Security (IINS): (CCNA Security exam 640-553) (Authorized Self-Study Guide)},
	author={Catherine Paquet},
	year={2009},
	month = {Apr},
	day = {17},
	note = {{by Cisco Press.}}
}
@misc{ips_sec_types, 
	title = {An overview of IPS – Intrusion Prevention System and types of Network Threats},
	author={K. Rajesh},
	year={2009},
	month = {October},
	day = {8},
	howpublished = "\url{https://www.excitingip.com/626/an-overview-of-ips-intrusion-prevention-system-and-types-of-network-threats/}",
}
@misc{sqli_how, 
	title = {{Preventing SQL Injection Attack Based on Machine Learning}},
	author={Eun Hong Cheon and Zhongyue Huang and Yon Sik Lee },
	year={2013},
	note = {{Department of Computer Engineering, Woosuk University and Department of Computer Information Engineering, Kunsan National University }}

}
@misc{sqli_how2, 
	title = {{A Learning-Based Approach to the Detection of
	SQL Attacks}},
	author={Fredrik Valeur and Darren Mutz and Giovanni Vigna},
	year={2005},
	note = {{Reliable Software Group, Department of Computer ScienceUniversity of CaliforniaSanta Barbara
	}}
	
}
@misc{china_tor, 
	title = {{How the Great Firewall of China is Blocking Tor}},
	author={Philipp Winter and Stefan Lindskog},
	year={2012},
	note = {{Karlstad University
	}}
	
}

@misc{tor_1, 
	title = {{Characterizing the Nature and Dynamics of Tor Exit Blocking}},
	author={Rachee Singh	and Rishab Nithyanand2
	and Sadia Afroz
	and Paul Pearce
	and Michael Carl Tschantz and Phillipa Gill1 and Vern Paxson},
	year={2017},
	note = {{University of Massachusetts – Amherst, Stony Brook University,
	University of California – Berkeley, 
	International Computer Science Institute
	}}
	
}
@misc{twisted,
	title = {Framework pentru programarea retelelor scris in Python},
	url = {https://twistedmatrix.com/documents/8.1.0/api/twisted.html}
}
@misc{btf_soup,
	title = {Librarie pentru procesarea de cod HTML/XML scris in Python},
	url = {https://www.crummy.com/software/BeautifulSoup/bs4/doc/}
}
@misc{libsvm,
	title = {Software integrat cu suport pentru SVM},
	url = {https://www.csie.ntu.edu.tw/~cjlin/libsvm/}
}
@misc{libsvm_class,
	title = {A Practical Guide to Support Vector Classification},
	url = {https://www.csie.ntu.edu.tw/~cjlin/papers/guide/guide.pdf}
}
@misc{python3_doc,
	title = {Documentation for Python 3.7.1rc1},
	url = {https://docs.python.org/3/}
}@misc{key_sql,
title = {Cuvinte rezervate specifice limbajului SQL},
url = {https://docs.microsoft.com/en-us/sql/t-sql/language-elements/reserved-keywords-transact-sql?view=sql-server-2017}
}
@misc{char_sql,
title = {Caracterele speciale ce pot fi folosite intr-o interogare SQL},
url = {https://docs.oracle.com/cd/A97630_01/text.920/a96518/cqspcl.htm}
}

@misc{tot_status,
	title = {Statusul nodurilor utilizate de Tor},
	url = {https://torstatus.blutmagie.de/index.php}
}
@misc{ascii,
title = {Tabela cu toate caracterele ascii si codurile lor specifice in diferite baze},
url = {https://www.asciitable.com//}
}
@misc{python2_doc,
	title = {Documentation for Python 2.7.15},
	url = {https://docs.python.org/2.7/}
}
@misc{why_python3,
	title = {Python 2 to python 3: why, and how hard can it be?},
	author={{Tim Gray}},
	url = {https://optimalbi.com/blog/2018/01/19/python-2-to-python-3-why-and-how-hard-can-it-be/}
}
@misc{andrew_ng,
	title = {Machine Learning
	by Stanford University},
	author={{Andrew Yan-Tak Ng}},
	url = {https://www.coursera.org/learn/machine-learning/home/welcome}
}
@misc{ips_fire,
	title = {How Intrusion Prevention Systems (IPS) Work in Firewall},
	author={{by Firewalls.com Page}},
	url = {https://community.spiceworks.com/topic/362007-how-intrusion-prevention-systems-ips-work-in-firewall}
}@misc{rev_proxy_server,
title = {What Is a Reverse Proxy Server?},
author={{by NGINX Page}},
url = {https://www.nginx.com/resources/glossary/reverse-proxy-server/}
}